<?xml version="1.0" encoding="UTF-8"?><collection xmlns="http://www.loc.gov/MARC21/slim"><record><leader>00598nam--2200241-u-4500</leader><controlfield tag="001">000050299</controlfield><controlfield tag="002">20161230</controlfield><controlfield tag="003">49131</controlfield><controlfield tag="005">20161230201048</controlfield><controlfield tag="008">060516s1000------------r-----000-0-eng-d</controlfield><datafield ind1=" " ind2=" " tag="020"><subfield code="a">0306405563</subfield></datafield><datafield ind1=" " ind2=" " tag="040"><subfield code="a">IFIN-HH</subfield></datafield><datafield ind1=" " ind2=" " tag="041"><subfield code="a">eng</subfield></datafield><datafield ind1=" " ind2=" " tag="080"><subfield code="a">537.633.2(061.3)</subfield></datafield><datafield ind1="1" ind2="0" tag="100"><subfield code="a">Chien,C.L</subfield></datafield><datafield ind1="1" ind2="0" tag="245"><subfield code="a">The Hall Effect and Its Applications</subfield><subfield code="c">C.L.Chien, C.R.Westgate (Eds.)</subfield></datafield><datafield ind1=" " ind2=" " tag="260"><subfield code="a">NeW York</subfield><subfield code="b">Plenum Press</subfield><subfield code="c">1980</subfield></datafield><datafield ind1=" " ind2=" " tag="300"><subfield code="a">550 p</subfield></datafield><datafield ind1=" " ind2=" " tag="504"><subfield code="a">Index</subfield></datafield><datafield ind1=" " ind2="4" tag="650"><subfield code="a">Hall effect</subfield></datafield><datafield ind1="1" ind2=" " tag="700"><subfield code="a">Westgate, C.R</subfield></datafield><datafield ind1=" " ind2=" " tag="852"><subfield code="a">49131</subfield><subfield code="c">537:538</subfield></datafield><datafield ind1=" " ind2=" " tag="CAT"><subfield code="a">Sys</subfield><subfield code="c">20110624</subfield><subfield code="h">125820</subfield></datafield></record></collection>